<record><leader>00000cas a22000007a 4500</leader><controlfield tag="001">62560899</controlfield><controlfield tag="008">051212c20039999vauwr n       0   a0eng c</controlfield><datafield ind1=" " ind2=" " tag="010"><subfield code="a">  2005216176</subfield></datafield><datafield ind1=" " ind2=" " tag="040"><subfield code="a">NSD</subfield><subfield code="b">eng</subfield><subfield code="c">NSD</subfield><subfield code="d">OCLCQ</subfield></datafield><datafield ind1=" " ind2=" " tag="012"><subfield code="l">1</subfield></datafield><datafield ind1="0" ind2=" " tag="022"><subfield code="a">1684-0275</subfield><subfield code="2">1</subfield></datafield><datafield ind1=" " ind2=" " tag="037"><subfield code="b">South Asia Tribune Publications, LLC, 10737 Sugar Meadow Court, Great Falls, VA 22066</subfield></datafield><datafield ind1=" " ind2=" " tag="042"><subfield code="a">nsdp</subfield><subfield code="a">pcc</subfield></datafield><datafield ind1=" " ind2=" " tag="043"><subfield code="a">n-us-va</subfield></datafield><datafield ind1="1" ind2="0" tag="050"><subfield code="a">ISSN RECORD</subfield></datafield><datafield ind1=" " ind2="0" tag="222"><subfield code="a">South Asia tribune</subfield></datafield><datafield ind1="0" ind2="0" tag="245"><subfield code="a">South Asia tribune.</subfield></datafield><datafield ind1=" " ind2=" " tag="260"><subfield code="a">Great Falls, VA :</subfield><subfield code="b">South Asia Tribune Publications,</subfield><subfield code="c">2003-</subfield></datafield><datafield ind1=" " ind2=" " tag="300"><subfield code="a">v.</subfield></datafield><datafield ind1=" " ind2=" " tag="310"><subfield code="a">Weekly</subfield></datafield><datafield ind1="0" ind2=" " tag="362"><subfield code="a">Vol. 1, no. 1 (June 20, 2003)-</subfield></datafield><datafield ind1=" " ind2=" " tag="588"><subfield code="a">Description based on surrogate; title from caption.</subfield></datafield><datafield ind1="4" ind2="2" tag="856"><subfield code="u">http://www.satribune.com</subfield></datafield><datafield ind1="1" ind2=" " tag="029"><subfield code="a">AU@</subfield><subfield code="b">000040176887</subfield></datafield></record>